<record xmlns="http://www.loc.gov/MARC21/slim" xmlns:xsi="http://www.w3.org/2001/XMLSchema-instance" xsi:schemaLocation="http://www.loc.gov/MARC21/slim http://www.loc.gov/standards/marcxml/schema/MARC21slim.xsd"><leader>02956nam a2200481   4500</leader><controlfield tag="001">3073633</controlfield><controlfield tag="003">NNC</controlfield><controlfield tag="006">m        d        </controlfield><controlfield tag="007">cr cn |||m|||a</controlfield><controlfield tag="008">150223s1962    sy h    ob    000 0 ara  </controlfield><datafield ind1=" " ind2=" " tag="040"><subfield code="a">NNU</subfield><subfield code="b">eng</subfield><subfield code="e">rda</subfield><subfield code="c">NNU</subfield></datafield><datafield ind1=" " ind2="4" tag="050"><subfield code="a">PJ6131</subfield><subfield code="b">.Z26 1962</subfield></datafield><datafield ind1="1" ind2=" " tag="100"><subfield code="6">880-01</subfield><subfield code="a">Zajja&#772;ji&#772;, &#699;Abd al-Rah&#803;ma&#772;n ibn Ish&#803;a&#772;q,</subfield><subfield code="d">-approximately 950.</subfield></datafield><datafield ind1="1" ind2="0" tag="240"><subfield code="6">880-02</subfield><subfield code="a">ibda&#772;l wa-al-mu&#699;a&#772;qabah wa-al-naz&#803;a&#772;&#700;ir</subfield></datafield><datafield ind1="1" ind2="0" tag="245"><subfield code="6">880-03</subfield><subfield code="a">Kita&#772;b al-ibda&#772;l wa-al-mu&#699;a&#772;qabah wa-al-naz&#803;a&#772;&#700;ir,</subfield><subfield code="c">ta&#700;li&#772;f Abi&#772; al-Qa&#772;sim &#699;Abd al-Rah&#803;ma&#772;n ibn Ish&#803;aq al-Zajja&#772;ji&#772;. H&#803;aqqaqahu wa-qaddama lahu wa-sharrah&#803;ahu &#699;Izz al-Di&#772;n al-Tanu&#772;khi&#772;.</subfield></datafield><datafield ind1=" " ind2=" " tag="260"><subfield code="6">880-04</subfield><subfield code="a">Dimashq :</subfield><subfield code="b">al-Mujama&#699; al-&#699;Ilmi&#772; al-&#700;Arabi&#772;,</subfield><subfield code="c">1962.</subfield></datafield><datafield ind1=" " ind2=" " tag="300"><subfield code="a">online resource (14, 126, [1] pages) :</subfield><subfield code="b">facsimiles</subfield></datafield><datafield ind1=" " ind2=" " tag="336"><subfield code="a">text</subfield><subfield code="2">rdacontent</subfield></datafield><datafield ind1=" " ind2=" " tag="337"><subfield code="a">computer</subfield><subfield code="2">rdamedia</subfield></datafield><datafield ind1=" " ind2=" " tag="338"><subfield code="a">online resource</subfield><subfield code="2">rdacarrier</subfield></datafield><datafield ind1="1" ind2=" " tag="490"><subfield code="6">880-05</subfield><subfield code="a">Mat&#803;bu&#772;&#699;a&#772;t al-Majma&#699; al-&#699;Ilmi&#772; al-&#699;Arabi&#772; bi-Dimashq</subfield></datafield><datafield ind1=" " ind2=" " tag="500"><subfield code="a">Part of the Arabic Collections Online (ACO) project, contributed by Columbia University Libraries.</subfield></datafield><datafield ind1=" " ind2=" " tag="504"><subfield code="a">Includes bibliographical references (page 127).</subfield></datafield><datafield ind1=" " ind2=" " tag="533"><subfield code="a">Electronic reproduction.</subfield><subfield code="b">New York, N.Y. :</subfield><subfield code="c">New York University,</subfield><subfield code="d">2015.</subfield><subfield code="5">NNU</subfield></datafield><datafield ind1=" " ind2="0" tag="650"><subfield code="a">Arabic language</subfield><subfield code="x">Inflection.</subfield></datafield><datafield ind1=" " ind2="7" tag="650"><subfield code="a">Arabic language</subfield><subfield code="x">Inflection.</subfield><subfield code="2">fast</subfield><subfield code="0">(OCoLC)fst00812360</subfield></datafield><datafield ind1="1" ind2=" " tag="700"><subfield code="6">880-06</subfield><subfield code="a">Tanu&#772;khi&#772;, &#699;Izz al-Di&#772;n.</subfield></datafield><datafield ind1="2" ind2=" " tag="710"><subfield code="a">Columbia University.</subfield><subfield code="b">Libraries.</subfield></datafield><datafield ind1="0" ind2=" " tag="730"><subfield code="a">Arabic Collections Online.</subfield></datafield><datafield ind1="0" ind2=" " tag="740"><subfield code="a">Ibda&#772;l wa-al-mu&#699;a&#772;qabah wa-al-naz&#803;a&#772;&#700;ir.</subfield></datafield><datafield ind1="0" ind2="8" tag="776"><subfield code="i">Online version:</subfield><subfield code="a">Zajja&#772;ji&#772;, &#699;Abd al-Rah&#803;ma&#772;n ibn Ish&#803;a&#772;q, -approximately 950.</subfield><subfield code="t">Kita&#772;b al-ibda&#772;l wa-al-mu&#699;a&#772;qabah wa-al-naza&#772;&#700;ir.</subfield><subfield code="d">Dimashq, 1962</subfield><subfield code="w">(OCoLC)583146722</subfield></datafield><datafield ind1="0" ind2="8" tag="776"><subfield code="i">Print version:</subfield><subfield code="a">Zajja&#772;ji&#772;, &#699;Abd al-Rah&#803;ma&#772;n ibn Ish&#803;a&#772;q, -approximately 950.</subfield><subfield code="t">Kita&#772;b al-ibda&#772;l wa-al-mu&#699;a&#772;qabah wa-al-naz&#803;a&#772;&#700;ir</subfield><subfield code="w">(NNC)3073633</subfield><subfield code="w">(DLC)ne 65002399 </subfield><subfield code="w">(OCoLC)21279749</subfield></datafield><datafield ind1=" " ind2="0" tag="830"><subfield code="6">880-07</subfield><subfield code="a">Mat&#803;bu&#772;&#699;a&#772;t al-Majma&#699; al-&#699;Ilmi&#772; al-&#699;Arabi&#772; bi-Dimashq.</subfield></datafield><datafield ind1="4" ind2="0" tag="856"><subfield code="u">http://hdl.handle.net/2333.1/f1vhhp92</subfield></datafield><datafield ind1="1" ind2=" " tag="880"><subfield code="6">100-01/r</subfield><subfield code="a">&#1586;&#1580;&#1575;&#1580;&#1610;&#1548; &#1593;&#1576;&#1583; &#1575;&#1604;&#1585;&#1581;&#1605;&#1606; &#1576;&#1606; &#1575;&#1587;&#1581;&#1575;&#1602;.</subfield></datafield><datafield ind1="1" ind2="0" tag="880"><subfield code="6">240-02/r</subfield><subfield code="a">&#1575;&#1576;&#1583;&#1575;&#1604; &#1608;&#1575;&#1604;&#1605;&#1593;&#1575;&#1602;&#1576;&#1577; &#1608;&#1575;&#1604;&#1606;&#1592;&#1575;&#1574;&#1585;</subfield></datafield><datafield ind1="1" ind2="0" tag="880"><subfield code="6">245-03/r</subfield><subfield code="a">&#1603;&#1578;&#1575;&#1576; &#1575;&#1604;&#1573;&#1576;&#1583;&#1575;&#1604; &#1608;&#1575;&#1604;&#1605;&#1593;&#1575;&#1602;&#1576;&#1577; &#1608;&#1575;&#1604;&#1606;&#1592;&#1575;&#1574;&#1585; /</subfield><subfield code="c">&#1578;&#1571;&#1604;&#1610;&#1601; &#1571;&#1576;&#1610; &#1575;&#1604;&#1602;&#1575;&#1587;&#1605; &#1593;&#1576;&#1583; &#1575;&#1604;&#1585;&#1581;&#1605;&#1606; &#1576;&#1606; &#1575;&#1587;&#1581;&#1602; &#1575;&#1604;&#1586;&#1580;&#1575;&#1580;&#1610; &#1563; &#1581;&#1602;&#1602;&#1607; &#1608;&#1602;&#1583;&#1605; &#1604;&#1607; &#1608;&#1588;&#1585;&#1581;&#1607; &#1593;&#1586; &#1575;&#1604;&#1583;&#1610;&#1606; &#1575;&#1604;&#1578;&#1606;&#1608;&#1582;&#1610;.</subfield></datafield><datafield ind1=" " ind2=" " tag="880"><subfield code="6">260-04/r</subfield><subfield code="a">&#1583;&#1605;&#1588;&#1602; :</subfield><subfield code="b">&#1575;&#1604;&#1605;&#1580;&#1605;&#1593; &#1575;&#1604;&#1593;&#1604;&#1605;&#1610; &#1575;&#1604;&#1593;&#1585;&#1576;&#1610;&#1548;</subfield><subfield code="c">1962.</subfield></datafield><datafield ind1="1" ind2=" " tag="880"><subfield code="6">490-05/r</subfield><subfield code="a">&#1605;&#1591;&#1576;&#1608;&#1593;&#1575;&#1578; &#1575;&#1604;&#1605;&#1580;&#1605;&#1593; &#1575;&#1604;&#1593;&#1604;&#1605;&#1610; &#1575;&#1604;&#1593;&#1585;&#1576;&#1610; &#1576;&#1583;&#1605;&#1588;&#1602;</subfield></datafield><datafield ind1="1" ind2=" " tag="880"><subfield code="6">700-06/r</subfield><subfield code="a">&#1578;&#1606;&#1608;&#1582;&#1610;&#1548; &#1593;&#1586; &#1575;&#1604;&#1583;&#1610;&#1606;.</subfield></datafield><datafield ind1=" " ind2="0" tag="880"><subfield code="6">830-07/r</subfield><subfield code="a">&#1605;&#1591;&#1576;&#1608;&#1593;&#1575;&#1578; &#1575;&#1604;&#1605;&#1580;&#1605;&#1593; &#1575;&#1604;&#1593;&#1604;&#1605;&#1610; &#1575;&#1604;&#1593;&#1585;&#1576;&#1610; &#1576;&#1583;&#1605;&#1588;&#1602;.</subfield></datafield><datafield ind1=" " ind2=" " tag="959"><subfield code="a">NNU</subfield><subfield code="b">WEB</subfield><subfield code="c">GENI</subfield><subfield code="t">0</subfield><subfield code="m">Electronic access</subfield><subfield code="s">01</subfield></datafield><datafield ind1=" " ind2=" " tag="999"><subfield code="i">NNC_3073633</subfield><subfield code="o">(OCoLC)21279749</subfield><subfield code="s">columbia_aco000113</subfield></datafield></record>